%YAML 1.1
%TAG !u! tag:unity3d.com,2011:
--- !u!1 &4718871954670944674
GameObject:
  m_ObjectHideFlags: 0
  m_CorrespondingSourceObject: {fileID: 0}
  m_PrefabInstance: {fileID: 0}
  m_PrefabAsset: {fileID: 0}
  serializedVersion: 6
  m_Component:
  - component: {fileID: 4102980960419748134}
  - component: {fileID: 5598271142469414900}
  - component: {fileID: 5639586302228086427}
  - component: {fileID: 8461687425477490871}
  - component: {fileID: 8882353153950060212}
  - component: {fileID: 6504385706936281988}
  - component: {fileID: 18151665932457740}
  m_Layer: 0
  m_Name: margarita 3D_1
  m_TagString: Untagged
  m_Icon: {fileID: 0}
  m_NavMeshLayer: 0
  m_StaticEditorFlags: 0
  m_IsActive: 1
--- !u!4 &4102980960419748134
Transform:
  m_ObjectHideFlags: 0
  m_CorrespondingSourceObject: {fileID: 0}
  m_PrefabInstance: {fileID: 0}
  m_PrefabAsset: {fileID: 0}
  m_GameObject: {fileID: 4718871954670944674}
  serializedVersion: 2
  m_LocalRotation: {x: 0, y: 0, z: 0, w: 1}
  m_LocalPosition: {x: 0, y: 0, z: 0}
  m_LocalScale: {x: 0.015, y: 0.015, z: 0.015}
  m_ConstrainProportionsScale: 1
  m_Children:
  - {fileID: 5392360064600045705}
  - {fileID: 4409340344448289896}
  - {fileID: 8498149379707212157}
  m_Father: {fileID: 0}
  m_LocalEulerAnglesHint: {x: 0, y: 0, z: 0}
--- !u!114 &5598271142469414900
MonoBehaviour:
  m_ObjectHideFlags: 0
  m_CorrespondingSourceObject: {fileID: 0}
  m_PrefabInstance: {fileID: 0}
  m_PrefabAsset: {fileID: 0}
  m_GameObject: {fileID: 4718871954670944674}
  m_Enabled: 1
  m_EditorHideFlags: 0
  m_Script: {fileID: 11500000, guid: 43f86b14a27b52f4f9298c33015b5c26, type: 3}
  m_Name: 
  m_EditorClassIdentifier: 
  _transferOnSecondSelection: 1
  _addNewPointsToFront: 0
  _forwardElement: {fileID: 0}
  _oneGrabTransformer: {fileID: 0}
  _twoGrabTransformer: {fileID: 0}
  _targetTransform: {fileID: 0}
  _maxGrabPoints: -1
--- !u!114 &5639586302228086427
MonoBehaviour:
  m_ObjectHideFlags: 0
  m_CorrespondingSourceObject: {fileID: 0}
  m_PrefabInstance: {fileID: 0}
  m_PrefabAsset: {fileID: 0}
  m_GameObject: {fileID: 4718871954670944674}
  m_Enabled: 0
  m_EditorHideFlags: 0
  m_Script: {fileID: 11500000, guid: 1bedaac29a943f844a7074b53c8bdf9f, type: 3}
  m_Name: 
  m_EditorClassIdentifier: 
  _pointable: {fileID: 5598271142469414900}
  _rigidbody: {fileID: 8882353153950060212}
  _scaleMassWithSize: 1
--- !u!114 &8461687425477490871
MonoBehaviour:
  m_ObjectHideFlags: 0
  m_CorrespondingSourceObject: {fileID: 0}
  m_PrefabInstance: {fileID: 0}
  m_PrefabAsset: {fileID: 0}
  m_GameObject: {fileID: 4718871954670944674}
  m_Enabled: 1
  m_EditorHideFlags: 0
  m_Script: {fileID: 11500000, guid: e9a7676b01585ce43908639a27765dfc, type: 3}
  m_Name: 
  m_EditorClassIdentifier: 
  _interactorFilters: []
  _maxInteractors: -1
  _maxSelectingInteractors: -1
  _data: {fileID: 0}
  _pointableElement: {fileID: 5598271142469414900}
  _rigidbody: {fileID: 8882353153950060212}
  _physicsGrabbable: {fileID: 0}
  _resetGrabOnGrabsUpdated: 1
  _scoringModifier:
    _positionRotationWeight: 0.8
  _slippiness: 0
  _supportedGrabTypes: 3
  _pinchGrabRules:
    _thumbRequirement: 1
    _indexRequirement: 1
    _middleRequirement: 1
    _ringRequirement: 0
    _pinkyRequirement: 0
    _unselectMode: 0
  _palmGrabRules:
    _thumbRequirement: 1
    _indexRequirement: 2
    _middleRequirement: 2
    _ringRequirement: 2
    _pinkyRequirement: 1
    _unselectMode: 0
  _movementProvider: {fileID: 0}
  _handAligment: 1
  _handGrabPoses: []
--- !u!54 &8882353153950060212
Rigidbody:
  m_ObjectHideFlags: 0
  m_CorrespondingSourceObject: {fileID: 0}
  m_PrefabInstance: {fileID: 0}
  m_PrefabAsset: {fileID: 0}
  m_GameObject: {fileID: 4718871954670944674}
  serializedVersion: 4
  m_Mass: 1
  m_Drag: 0
  m_AngularDrag: 0.05
  m_CenterOfMass: {x: 0, y: 0, z: 0}
  m_InertiaTensor: {x: 1, y: 1, z: 1}
  m_InertiaRotation: {x: 0, y: 0, z: 0, w: 1}
  m_IncludeLayers:
    serializedVersion: 2
    m_Bits: 0
  m_ExcludeLayers:
    serializedVersion: 2
    m_Bits: 0
  m_ImplicitCom: 1
  m_ImplicitTensor: 1
  m_UseGravity: 1
  m_IsKinematic: 0
  m_Interpolate: 0
  m_Constraints: 80
  m_CollisionDetection: 0
--- !u!114 &6504385706936281988
MonoBehaviour:
  m_ObjectHideFlags: 0
  m_CorrespondingSourceObject: {fileID: 0}
  m_PrefabInstance: {fileID: 0}
  m_PrefabAsset: {fileID: 0}
  m_GameObject: {fileID: 4718871954670944674}
  m_Enabled: 1
  m_EditorHideFlags: 0
  m_Script: {fileID: 11500000, guid: 58688bcee52e2ab4da920858d62032a7, type: 3}
  m_Name: 
  m_EditorClassIdentifier: 
--- !u!114 &18151665932457740
MonoBehaviour:
  m_ObjectHideFlags: 0
  m_CorrespondingSourceObject: {fileID: 0}
  m_PrefabInstance: {fileID: 0}
  m_PrefabAsset: {fileID: 0}
  m_GameObject: {fileID: 4718871954670944674}
  m_Enabled: 1
  m_EditorHideFlags: 0
  m_Script: {fileID: 11500000, guid: e2f8f6e9e6f3e114b9bf9a57c2160615, type: 3}
  m_Name: 
  m_EditorClassIdentifier: 
  _pointable: {fileID: 5598271142469414900}
  _whenRelease:
    m_PersistentCalls:
      m_Calls: []
  _whenHover:
    m_PersistentCalls:
      m_Calls: []
  _whenUnhover:
    m_PersistentCalls:
      m_Calls: []
  _whenSelect:
    m_PersistentCalls:
      m_Calls:
      - m_Target: {fileID: 6504385706936281988}
        m_TargetAssemblyTypeName: FlowerGrab_Event, Assembly-CSharp
        m_MethodName: OnFlowerGrab_Event
        m_Mode: 1
        m_Arguments:
          m_ObjectArgument: {fileID: 0}
          m_ObjectArgumentAssemblyTypeName: UnityEngine.Object, UnityEngine
          m_IntArgument: 0
          m_FloatArgument: 0
          m_StringArgument: 
          m_BoolArgument: 0
        m_CallState: 2
  _whenUnselect:
    m_PersistentCalls:
      m_Calls: []
  _whenMove:
    m_PersistentCalls:
      m_Calls: []
  _whenCancel:
    m_PersistentCalls:
      m_Calls: []
--- !u!1 &8175460778404905711
GameObject:
  m_ObjectHideFlags: 0
  m_CorrespondingSourceObject: {fileID: 0}
  m_PrefabInstance: {fileID: 0}
  m_PrefabAsset: {fileID: 0}
  serializedVersion: 6
  m_Component:
  - component: {fileID: 8498149379707212157}
  - component: {fileID: 2889448388871285782}
  m_Layer: 0
  m_Name: Collider
  m_TagString: Untagged
  m_Icon: {fileID: 0}
  m_NavMeshLayer: 0
  m_StaticEditorFlags: 0
  m_IsActive: 1
--- !u!4 &8498149379707212157
Transform:
  m_ObjectHideFlags: 0
  m_CorrespondingSourceObject: {fileID: 0}
  m_PrefabInstance: {fileID: 0}
  m_PrefabAsset: {fileID: 0}
  m_GameObject: {fileID: 8175460778404905711}
  serializedVersion: 2
  m_LocalRotation: {x: -0.7071068, y: 0, z: 0, w: 0.7071068}
  m_LocalPosition: {x: 3.19, y: 13.46, z: 2.47}
  m_LocalScale: {x: 100, y: 100, z: 100}
  m_ConstrainProportionsScale: 1
  m_Children: []
  m_Father: {fileID: 4102980960419748134}
  m_LocalEulerAnglesHint: {x: -90, y: 0, z: 0}
--- !u!64 &2889448388871285782
MeshCollider:
  m_ObjectHideFlags: 0
  m_CorrespondingSourceObject: {fileID: 0}
  m_PrefabInstance: {fileID: 0}
  m_PrefabAsset: {fileID: 0}
  m_GameObject: {fileID: 8175460778404905711}
  m_Material: {fileID: 0}
  m_IncludeLayers:
    serializedVersion: 2
    m_Bits: 0
  m_ExcludeLayers:
    serializedVersion: 2
    m_Bits: 0
  m_LayerOverridePriority: 0
  m_IsTrigger: 0
  m_ProvidesContacts: 0
  m_Enabled: 1
  serializedVersion: 5
  m_Convex: 0
  m_CookingOptions: 30
  m_Mesh: {fileID: -2124705421725058983, guid: 29a90ca7b044b3e44b53cc73befb5f0a, type: 3}
--- !u!1 &8359059334905237922
GameObject:
  m_ObjectHideFlags: 0
  m_CorrespondingSourceObject: {fileID: 0}
  m_PrefabInstance: {fileID: 0}
  m_PrefabAsset: {fileID: 0}
  serializedVersion: 6
  m_Component:
  - component: {fileID: 5392360064600045705}
  - component: {fileID: 6467763329815444320}
  - component: {fileID: 8274935319769280439}
  m_Layer: 0
  m_Name: flor 1
  m_TagString: Untagged
  m_Icon: {fileID: 0}
  m_NavMeshLayer: 0
  m_StaticEditorFlags: 0
  m_IsActive: 1
--- !u!4 &5392360064600045705
Transform:
  m_ObjectHideFlags: 0
  m_CorrespondingSourceObject: {fileID: 0}
  m_PrefabInstance: {fileID: 0}
  m_PrefabAsset: {fileID: 0}
  m_GameObject: {fileID: 8359059334905237922}
  serializedVersion: 2
  m_LocalRotation: {x: -0.23510383, y: -0.13027476, z: -0.666878, w: 0.69500256}
  m_LocalPosition: {x: 2.21, y: 13.35, z: 2.73}
  m_LocalScale: {x: 100.06942, y: 100.06942, z: 34.054222}
  m_ConstrainProportionsScale: 0
  m_Children: []
  m_Father: {fileID: 4102980960419748134}
  m_LocalEulerAnglesHint: {x: 0, y: 0, z: 0}
--- !u!33 &6467763329815444320
MeshFilter:
  m_ObjectHideFlags: 0
  m_CorrespondingSourceObject: {fileID: 0}
  m_PrefabInstance: {fileID: 0}
  m_PrefabAsset: {fileID: 0}
  m_GameObject: {fileID: 8359059334905237922}
  m_Mesh: {fileID: -6192981819881740867, guid: c6d2516208b7bc348a7557ce7dc31ab6, type: 3}
--- !u!23 &8274935319769280439
MeshRenderer:
  m_ObjectHideFlags: 0
  m_CorrespondingSourceObject: {fileID: 0}
  m_PrefabInstance: {fileID: 0}
  m_PrefabAsset: {fileID: 0}
  m_GameObject: {fileID: 8359059334905237922}
  m_Enabled: 1
  m_CastShadows: 1
  m_ReceiveShadows: 1
  m_DynamicOccludee: 1
  m_StaticShadowCaster: 0
  m_MotionVectors: 1
  m_LightProbeUsage: 1
  m_ReflectionProbeUsage: 1
  m_RayTracingMode: 2
  m_RayTraceProcedural: 0
  m_RenderingLayerMask: 1
  m_RendererPriority: 0
  m_Materials:
  - {fileID: -876546973899608171, guid: c6d2516208b7bc348a7557ce7dc31ab6, type: 3}
  m_StaticBatchInfo:
    firstSubMesh: 0
    subMeshCount: 0
  m_StaticBatchRoot: {fileID: 0}
  m_ProbeAnchor: {fileID: 0}
  m_LightProbeVolumeOverride: {fileID: 0}
  m_ScaleInLightmap: 1
  m_ReceiveGI: 1
  m_PreserveUVs: 0
  m_IgnoreNormalsForChartDetection: 0
  m_ImportantGI: 0
  m_StitchLightmapSeams: 1
  m_SelectedEditorRenderState: 3
  m_MinimumChartSize: 4
  m_AutoUVMaxDistance: 0.5
  m_AutoUVMaxAngle: 89
  m_LightmapParameters: {fileID: 0}
  m_SortingLayerID: 0
  m_SortingLayer: 0
  m_SortingOrder: 0
  m_AdditionalVertexStreams: {fileID: 0}
--- !u!1 &8918987970814984494
GameObject:
  m_ObjectHideFlags: 0
  m_CorrespondingSourceObject: {fileID: 0}
  m_PrefabInstance: {fileID: 0}
  m_PrefabAsset: {fileID: 0}
  serializedVersion: 6
  m_Component:
  - component: {fileID: 4409340344448289896}
  - component: {fileID: 3731323849394062755}
  - component: {fileID: 4389381538539252857}
  m_Layer: 0
  m_Name: tallo 1
  m_TagString: Untagged
  m_Icon: {fileID: 0}
  m_NavMeshLayer: 0
  m_StaticEditorFlags: 0
  m_IsActive: 1
--- !u!4 &4409340344448289896
Transform:
  m_ObjectHideFlags: 0
  m_CorrespondingSourceObject: {fileID: 0}
  m_PrefabInstance: {fileID: 0}
  m_PrefabAsset: {fileID: 0}
  m_GameObject: {fileID: 8918987970814984494}
  serializedVersion: 2
  m_LocalRotation: {x: -0.5368987, y: -0.4601519, z: -0.4601519, w: 0.53689873}
  m_LocalPosition: {x: 0, y: 0.7716236, z: 0}
  m_LocalScale: {x: 99.99999, y: 99.99999, z: 100}
  m_ConstrainProportionsScale: 0
  m_Children: []
  m_Father: {fileID: 4102980960419748134}
  m_LocalEulerAnglesHint: {x: 0, y: 0, z: 0}
--- !u!33 &3731323849394062755
MeshFilter:
  m_ObjectHideFlags: 0
  m_CorrespondingSourceObject: {fileID: 0}
  m_PrefabInstance: {fileID: 0}
  m_PrefabAsset: {fileID: 0}
  m_GameObject: {fileID: 8918987970814984494}
  m_Mesh: {fileID: 3351594726284540289, guid: c6d2516208b7bc348a7557ce7dc31ab6, type: 3}
--- !u!23 &4389381538539252857
MeshRenderer:
  m_ObjectHideFlags: 0
  m_CorrespondingSourceObject: {fileID: 0}
  m_PrefabInstance: {fileID: 0}
  m_PrefabAsset: {fileID: 0}
  m_GameObject: {fileID: 8918987970814984494}
  m_Enabled: 1
  m_CastShadows: 1
  m_ReceiveShadows: 1
  m_DynamicOccludee: 1
  m_StaticShadowCaster: 0
  m_MotionVectors: 1
  m_LightProbeUsage: 1
  m_ReflectionProbeUsage: 1
  m_RayTracingMode: 2
  m_RayTraceProcedural: 0
  m_RenderingLayerMask: 1
  m_RendererPriority: 0
  m_Materials:
  - {fileID: -6478536213147159724, guid: c6d2516208b7bc348a7557ce7dc31ab6, type: 3}
  m_StaticBatchInfo:
    firstSubMesh: 0
    subMeshCount: 0
  m_StaticBatchRoot: {fileID: 0}
  m_ProbeAnchor: {fileID: 0}
  m_LightProbeVolumeOverride: {fileID: 0}
  m_ScaleInLightmap: 1
  m_ReceiveGI: 1
  m_PreserveUVs: 0
  m_IgnoreNormalsForChartDetection: 0
  m_ImportantGI: 0
  m_StitchLightmapSeams: 1
  m_SelectedEditorRenderState: 3
  m_MinimumChartSize: 4
  m_AutoUVMaxDistance: 0.5
  m_AutoUVMaxAngle: 89
  m_LightmapParameters: {fileID: 0}
  m_SortingLayerID: 0
  m_SortingLayer: 0
  m_SortingOrder: 0
  m_AdditionalVertexStreams: {fileID: 0}
